@online{genajalugu, 
	title = {\textit{Gene therapy}},
	author = {Lara Marks},
	year = {2018},
	url ={https://www.whatisbiotechnology.org/index.php/science/summary/gene-therapy/},
	urldate = {2023-10-31}, % YYYY-MM-DD
}

@article{genviisid,
	title={Non Viral Vectors in Gene
	Therapy - An Overview},
	author={Murali Ramamoorth and Aparna Narvekar},
	year={2015},
	url={https://jcdr.net/articles/PDF/5394/10443_CE(Ra)_F(Sh)_PF1(PAK)_PFA(AK)_PF2(PAG).pdf},
	urldate={2023-10-31},
}

@article{genraskused,
	title={Gene therapy: advances, challenges and perspectives},
	author={Giulliana Augusta Rangel Gonçalves and Raquel de Melo Alves Paiva},
	year={2017},
	url={https://www.ncbi.nlm.nih.gov/pmc/articles/PMC5823056/},
	urldate={2023-10-31},
}

@article{replicating,
	title={Replicating and non-replicating viral vectors for vaccine development},
	author={Marjorie Robert-Guroff},
	year={2007},
	url={https://www.ncbi.nlm.nih.gov/pmc/articles/PMC2245896/},
	urldate={2023-03-11},
}

@article{insuliin,
	title={Human Insulin: History, Recent Advances, and Expression Systems for Mass Production},
	author={Jessica Alyas and Ayesha Rafiq and Horia Amir and Safir Ullah Khan and Tahira Sultana and Amir Ali and Asma Hameed and Ilyas Ahmad and Abeer Kazmi and Tehmina Sajid and Ayaz Ahmad},
	year={2021},
	url={http://bmrat.org/index.php/BMRAT/article/view/692},
	urldate={2023-11-12},
}

@article{MML,
	title={Mechanism of Liver Gene Transfer by Mechanical Massage},
	author={Feng Liu and Jing Lei and Regis Vollmer and Leaf Huang},
	year={2004},
	url={https://www.sciencedirect.com/science/article/pii/S1525001603004052},
	urldate={2023-11-13},
}

@article{koespetsiifiline,
	title={Chapter 2 - Adeno-Associated Viral Vectors and Their Redirection to Cell-Type Specific Receptors},
	author={Stefan Michelfelder and Martin Trepel},
	year={2009},
	url={https://www.sciencedirect.com/science/article/abs/pii/S0065266009670024?via%3Dihub},
	urldate={2023-11-13},
}

@online{genpraegu,
	title={What conditions can currently be treated using gene and cell therapy?},
	author={{EuroGCT}},
	url={https://www.eurogct.org/what-conditions-can-currently-be-treated-using-gene-and-cell-therapy},
	urldate={2023-11-14},
}

@article{pupo,
	title={AAV vectors: The Rubik’s cube of human gene therapy},
	author={Amaury Pupo and Audry Fernández and Siew Hui Low and Achille François and Lester Suárez-Amarán and Richard Jude Samulski},
	year={2022},
	url={https://www.cell.com/molecular-therapy-family/molecular-therapy/fulltext/S1525-0016(22)00569-X#%20},
	urldate={2023-11-16},
}

@article{samulski,
	title={AAV-Mediated Gene Therapy for Research and Therapeutic Purposes},
	author={R. Jude Samulski and Nicholas Muzyczka},
	year={2014},
	url={https://www.annualreviews.org/doi/10.1146/annurev-virology-031413-085355},
	urldate={2023-11-16},
}

@article{viirusvektorid,
	title={METHODS OF GENE DELIVERY},
	author={Nelson A. Wivel and James M. Wilson},
	year={1998},
	url={https://www.sciencedirect.com/science/article/pii/S0889858805700046},
	urldate={2023-11-21},
}

@article{vvkoostis,
	title={Viral vector platforms within the gene therapy landscape},
	author={Jote T. Bulcha and Yi Wang and Hong Ma and Phillip W. L. Tai and Guangping Gao},
	year={2021},
	url={https://www.nature.com/articles/s41392-021-00487-6},
	urldate={2023-11-21},
}

@article{aav-gen,
	title={Adeno-associated virus vector as a platform for gene therapy delivery},
	author={Dan Wang and Phillip W. L. Tai and Guangping Gao},
	year={2019},
	url={https://www.ncbi.nlm.nih.gov/pmc/articles/PMC6927556/},
	urldate={2024-01-01},
}

@article{aav-avastamine,
	title={Harnessing the Natural Biology of Adeno-Associated Virus to Enhance the Efficacy of Cancer Gene Therapy},
	author={Jacquelyn J. Bower and Liujiang Song and Prabhakar Bastola and Matthew L. Hirsch},
	year={2021},
	url={https://www.ncbi.nlm.nih.gov/pmc/articles/PMC8309980/},
	urldate={2024-01-01},
}

@online{who,
	title={International Clinical Trials Registry Platform Search Portal},
	author={{World Health Organisation}},
	url={https://trialsearch.who.int/Default.aspx},
	urldate={2024-01-01},
}

@online{ravimiamet,
	title={Müügiloaga uudsed ravimid Euroopa Liidus},
	author={{Ravimiamet}},
	url={https://ravimiamet.ee/veri-rakud-koed-elundid-uudne-ravim/uudsed-ravimid/muugiloaga-uudsed-ravimid-euroopa-liidus},
	urldate={2024-01-01},
}

@book{proteoglükaanid,
	title={Essentials of Glycobiology},
	author={Ajit Varki and Richard Cummings and Jeffrey Esko and Hudson Freeze and Gerald Hart and Jamey Marth},
	year={1999},
	url={https://www.ncbi.nlm.nih.gov/books/NBK20693/},
	urldate={2024-01-02},
}

@article{serotüübid,
	title={Various AAV Serotypes and Their Applications in Gene Therapy: An Overview},
	author={Shaza S. Issa and Alisa A. Shaimardanova and Valeriya V. Solovyeva and Albert A. Rizvanov},
	year={2023},
	url={https://www.ncbi.nlm.nih.gov/pmc/articles/PMC10000783/},
	urldate={2024-01-14},
}

@article{aav4,
	title={Structure of Adeno-Associated Virus Type 4},
	author={Eric Padron and Valorie Bowman and Nikola Kaludov and Lakshmanan Govindasamy and Hazel Levy and Phillip Nick and Robert McKenna and Nicholas Muzyczka and John A. Chiorini and Timothy S. Baker and Mavis Agbandje-McKenna},
	year={2005},
	url={https://www.ncbi.nlm.nih.gov/pmc/articles/PMC1069529/},
	urldate={2024-02-17},
}

@article{aav6,
	title={Gene Therapy Vectors Based on Adeno-Associated Virus Type 1},
	author={Weidong Xiao and Narendra Chirmule and Scott C. Berta and Beth McCullough and Guangping Gao and James M. Wilson},
	year={1999},
	url={https://www.ncbi.nlm.nih.gov/pmc/articles/PMC104178/},
	urldate={2024-02-17},
}

@article{glykaanid,
	title={Differential Adeno-Associated Virus Serotype-Specific Interaction Patterns with Synthetic Heparins and Other Glycans},
	author={Mario Mietzsch and Felix Broecker and Anika Reinhardt and Peter H. Seeberger and Regine Heilbronn},
	year={2014},
	url={https://www.ncbi.nlm.nih.gov/pmc/articles/PMC3958061//},
	urldate={2024-02-17},
}

@article{AAVrh.8,
	title={Structure of Neurotropic Adeno-Associated Virus AAVrh.8},
	author={Sujata Halder and Kim Van Vliet and J Kennon Smith and Thao Thi Phuong Duong and Robert McKenna and James M. Wilson and Mavis Agbandje-McKenna},
	year={2015},
	url={https://www.ncbi.nlm.nih.gov/pmc/articles/PMC4617535/},
	urldate={2024-02-17},
}

@article{bbb,
	title={Selection of rAAV vectors that cross the human blood-brain barrier and target the central nervous system using a transwell model},
	author={Ren Song and Katja Pekrun and Themasap A. Khan and Feijie Zhang and Sergiu P. Paşca and Mark A. Kay},
	year={2022},
	url={https://www.cell.com/molecular-therapy-family/methods/fulltext/S2329-0501(22)00127-9},
	urldate={2024-02-17},
}

@online{PPP1R12C,
	title={PPP1R12C protein phosphatase 1 regulatory subunit 12C [ Homo sapiens (human) ]},
	author={{National Institutes of Health}},
	url={https://www.ncbi.nlm.nih.gov/gene?Db=gene&Cmd=DetailsSearch&Term=54776},
	urldate={2024-02-18},
}

@article{elutsükkel,
	title={Gene Therapy Using Adeno-Associated Virus Vectors},
	author={Shyam Daya and Kenneth I. Berns},
	year={2008},
	url={https://www.ncbi.nlm.nih.gov/pmc/articles/PMC2570152/},
	urldate={2024-02-18},
}

@article{ggjoonis,
	title={Cloning Strategies: Golden Gate cloning},
	author={Nicole Bode},
	year={2023},
	url={https://eu.idtdna.com/pages/education/decoded/article/cloning-strategies-golden-gate-cloning},
	urldate={2024-02-26},
}

@online{kimäär,
	title={Chimeric},
	author={{National Cancer Institute}},
	url={https://www.cancer.gov/publications/dictionaries/cancer-terms/def/chimeric},
	urldate={2024-02-24},
}

@article{modifitseerimine,
	title={Capsid Modifications for Targeting and Improving the Efficacy of AAV Vectors},
	author={Hildegard Büning and Arun Srivastava},
	year={2019},
	url={https://www.ncbi.nlm.nih.gov/pmc/articles/PMC6378346/},
	urldate={2024-02-24},
}

@article{ggkloneerimine,
	title={An efficient cloning method to expand vector and restriction site compatibility of Golden Gate Assembly},
	author={Masato Sorida and Roberto Bonasio},
	year={2023},
	url={https://www.sciencedirect.com/science/article/pii/S2667237523002084},
	urldate={2024-02-26},
}

@article{ggkloneerimine_userguide,
	title={A User’s Guide to Golden Gate Cloning Methods and Standards},
	author={Jasmine E. Bird and Jon Marles-Wright and Andrea Giachino},
	year={2022},
	url={https://www.ncbi.nlm.nih.gov/pmc/articles/PMC9680027/},
	urldate={2024-02-26},
}

@article{gg52,
	title={High-Complexity One-Pot Golden Gate Assembly},
	author={Andrew P. Sikkema and S. Kasra Tabatabaei and Yan-Jiun Lee and Sean Lund and Gregory J. S. Lohman},
	year={2023},
	url={https://currentprotocols.onlinelibrary.wiley.com/doi/10.1002/cpz1.882},
	urldate={2024-02-26},
}

@article{restr,
	title={Structure and function of type II restriction endonucleases},
	author={Alfred Pingoud and Albert Jeltsch},
	year={2001},
	url={https://www.ncbi.nlm.nih.gov/pmc/articles/PMC55916/},
	urldate={2024-02-26},
}

@online{aav_elu,
	title={Life Cycle of AAV Virus-From Infection To Regeneration},
	author={{Genemedi}},
	url={https://www.genemedi.net/i/life-cycle-of-aav-virus},
	urldate={2024-02-26},
}

@article{viirusüld,
	title={Virus Structure and Classification},
	author={Jennifer Louten},
	year={2016},
	url={https://www.ncbi.nlm.nih.gov/pmc/articles/PMC7150055/},
	urldate={2024-02-26},
}

@article{nature_aav,
	title={Adeno-associated virus capsid assembly is divergent and stochastic},
	author={Tobias P. Wörner and Antonette Bennett and Sana Habka and Joost Snijder and Olga Friese and Thomas Powers and Mavis Agbandje-McKenna and Albert J. R. Heck},
	year={2021},
	url={https://www.nature.com/articles/s41467-021-21935-5},
	urldate={2024-02-26},
}

@article{aav_genoom,
	title={Adeno-associated virus vectors for human gene therapy},
	author={Haifeng Chen},
	year={2015},
	url={https://www.wjgnet.com/2220-3184/full/v5/i3/28.htm},
	urldate={2024-02-29},
}

@article{ucendr,
	title={Urokinase-controlled tumor penetrating peptide},
	author={Gary B. Braun and Kazuki N. Sugahara and Olivia M. Yu and Venkata Ramana Kotamraju and Tarmo Mölder and Andrew M. Lowy and Erkki Ruoslahti and Tambet Teesalu},
	year={2016},
	url={https://www.sciencedirect.com/science/article/pii/S0168365916302401?via%3Dihub},
	urldate={2024-02-29},
}

@article{lintt1,
	title={Application of polymersomes engineered to target p32 protein for detection of small breast tumors in mice},
	author={Lorena Simón-Gracia and Pablo Scodeller and Sergio Salazar Fuentes and Vanessa Gómez Vallejo and Xabier Ríos and Eneko San Sebastián and Valeria Sidorenko and Desirè Di Silvio and Meina Suck and Federica De Lorenzi and Larissa Yokota Rizzo and Saskia von Stillfried and Kalle Kilk and Twan Lammers and Sergio E. Moya and Tambet Teesalu},
	year={2018},
	url={https://www.oncotarget.com/article/24588/text/},
	urldate={2024-02-29},
}

@article{lus7a,
	title={Novel Lung Targeting Cell Penetrating Peptides as Vectors for Delivery of Therapeutics},
	author={Kayla McCandless and Sanjay Mishra and Jeffrey Stiltner and Kyle S Feldman and Hisato Yagi and Raymond Yurko and Kazi Islam and Jonathan M Brown and Raymond Frizzell and Maliha Zahid},
	year={2021},
	url={https://www.ncbi.nlm.nih.gov/pmc/articles/PMC8609903/},
	urldate={2024-02-29},
}

@article{luvg,
	title={Targeting the lung epithelium after intravenous delivery by directed evolution of underexplored sites on the AAV capsid},
	author={David Goertsen and Nick Goeden and Nicholas C. Flytzanis and Viviana Gradinaru},
	year={2022},
	url={https://www.sciencedirect.com/science/article/pii/S2329050122001024},
	urldate={2024-02-29},
}

@online{spike,
	title={surface glycoprotein [Severe acute respiratory syndrome coronavirus 2]},
	author={B. Schwem and S.K. Verma and S. Markos and L. Bodnar and C.L. Barnes and
	C.S. Filippo and M. Ali and M.-M. Pugliese and D. Woell and B.S. Jeong},
	url={https://www.ncbi.nlm.nih.gov/protein/WCO04151.1},
	urldate={2024-02-29},
}

@article{plusjamin,
	title={Adeno-associated virus: from defective virus to effective vector},
	author={Manuel A.F.V. Gonçalves},
	year={2005},
	url={https://www.ncbi.nlm.nih.gov/pmc/articles/PMC1131931/},
	urldate={2024-03-02},
}

@online{oxford,
	title={plus (+) and minus (−) viral strands},
	author={{Oxford Refrence}},
	url={https://www.oxfordreference.com/display/10.1093/oi/authority.20110803100332484},
	urldate={2024-03-02},
}

@article{itrmod,
	title={AAV- based vector improvements unrelated to capsid protein modification},
	author={Ekaterina M. Shitik and Igor K. Shalik and Dmitry V. Yudkin},
	year={2023},
	url={https://www.frontiersin.org/articles/10.3389/fmed.2023.1106085/full#B110},
	urldate={2024-03-02},
}

@article{ullman,
	title = {\textit{Characterization by in vitro complementation of a peptide corresponding to an operator-proximal segment of the β-galactosidase structural gene of Escherichia coli}},
	author = {Agnes Ullmann and François Jacob and Jacques Monod},
	year = {1967},
	journal = {Journal of Molecular Biology},
	volume = {24},
	number = {2},
	%pages = {339--343}, % Kaks sidekriipsu on vajalikd
}

@article{vr-basic,
	title={Structural Insight into the Unique Properties of Adeno-Associated Virus Serotype 9},
	author={Michael A. DiMattia and Hyun-Joo Nam and Kim Van Vliet and Matthew Mitchell and Antonette Bennett and Brittney L. Gurda and Robert McKenna and Norman H. Olson and Robert S. Sinkovits and Mark Potter and Barry J. Byrne and George Aslanidi and Sergei Zolotukhin and Nicholas Muzyczka and Timothy S. Baker and Mavis Agbandje-McKenna},
	year={2012},
	url={https://www.ncbi.nlm.nih.gov/pmc/articles/PMC3393551/},
	urldate={2024-03-05},
}

@article{vrjoonis,
	title={Adeno-associated virus structural biology as a tool in vector development},
	author={Lauren M Drouin and Mavis Agbandje-McKenna},
	year={2013},
	url={https://www.ncbi.nlm.nih.gov/pmc/articles/PMC3921901/},
	urldate={2024-03-05},
}

@article{genter,
	title={Gene therapy: design and prospects for craniofacial regeneration},
	author={E.L. Scheller and P.H. Krebsbach},
	year={2009},
	url={https://www.ncbi.nlm.nih.gov/pmc/articles/PMC2907101/},
	urldate={2024-03-11},
}

@online{boston,
	title={After decades of evolution, gene therapy arrives},
	author={Nancy Fliesler},
	url={https://answers.childrenshospital.org/gene-therapy-history/},
	urldate={2024-03-11},
}

@article{jesse,
	title={Death but one unintended consequence of gene-therapy trial},
	author={Barbara Sibbald},
	year={2001},
	url={https://www.ncbi.nlm.nih.gov/pmc/articles/PMC81135/},
	urldate={2024-03-11},
}

@online{klin,
	title={Clinical trials},
	author={{National Institutes of Health}},
	url={https://clinicaltrials.gov/search?intr=gene%20therapy},
	urldate={2024-03-11},
}

@article{kallis,
	title={The gene-therapy revolution risks stalling if we don’t talk about drug pricing},
	author={{Nature}},
	year={2023},
	url={https://www.nature.com/articles/d41586-023-01389-z},
	urldate={2024-03-11},
}

@article{viirusvektoriteravi,
	title={Viral Vectors in Gene Therapy: Where Do We Stand in 2023?},
	author={Kenneth Lundstrom},
	year={2023},
	url={https://www.ncbi.nlm.nih.gov/pmc/articles/PMC10059137/},
	urldate={2024-03-11},
}

@online{usa,
	title={Approved Cellular and Gene Therapy Products},
	author={{Food and Drug Administration}},
	url={https://www.fda.gov/vaccines-blood-biologics/cellular-gene-therapy-products/approved-cellular-and-gene-therapy-products},
	urldate={2024-03-11},
}

@article{viirusvsmitte,
	title={Emerging non-viral vectors for gene delivery},
	author={Chenfei Wang and Chaolan Pan and Haiyang Yong and Feifei Wang and Tao Bo and Yitong Zhao and Bin Ma and Wei He and Ming Li},
	year={2023},
	url={https://jnanobiotechnology.biomedcentral.com/articles/10.1186/s12951-023-02044-5},
	urldate={2024-03-11},
}

@article{aavlevinuim,
	title={Viral vector‐based gene therapies in the clinic},
	author={Zongmin Zhao and Aaron C. Anselmo and Samir Mitragotri},
	year={2021},
	url={https://www.ncbi.nlm.nih.gov/pmc/articles/PMC8780015/},
	urldate={2024-03-11},
}

@article{geenilõhkumine,
	title={Delivering Transgenic DNA Exceeding the Carrying Capacity of AAV Vectors},
	author={Matthew L. Hirsch and Sonya J. Wolf and R.J. Samulski},
	year={2016},
	url={https://www.ncbi.nlm.nih.gov/pmc/articles/PMC4971574/},
	urldate={2024-03-12},
}

@article{laitropism,
	title={Controlling AAV Tropism in the Nervous System with Natural and Engineered Capsids},
	author={Michael J. Castle and Heikki T. Turunen and Luk H. Vandenberghe and John H. Wolfe},
	year={2016},
	url={https://www.ncbi.nlm.nih.gov/pmc/articles/PMC4993104/},
	urldate={2024-03-12},
}

@book{u,
	title={Kuld on jäänud jälgedesse: Regivärsikeelest ja poeetikas},
	author={J. Peegel},
	year={1967},
	location={Tartu},
	publisher={Elsevier, Academic Press},
	pages={25--29},
}

@article{256,
	title={A Modular Cloning System for Standardized Assembly of Multigene Constructs},
	author={Ernst Weber and Carola Engler and Ramona Gruetzner and Stefan Werner and Sylvestre Marillonnet},
	year={2011},
	url={https://www.ncbi.nlm.nih.gov/pmc/articles/PMC3041749/},
	urldate={2024-03-12},
}

@online{fullereen,
	title={Fullerene},
	author={{Cambridge Dictionary}},
	shorttitle={\textit{s.v.} fullerene},
	url={https://dictionary.cambridge.org/dictionary/english/fullerene},
	urldate={2024-03-18},
}

@online{kompleks,
	title={Supramolecular chemistry},
	author={{New World Encyclopedia}},
	shorttitle={\textit{s.v.} Supramolecular chemistry},
	url={https://www.newworldencyclopedia.org/entry/Supramolecular_chemistry},
	urldate={2024-03-18},
}

@article{klatriin,
	title={The cellular functions of clathrin},
	author={Stephen J. Royle},
	year={2006},
	url={https://www.ncbi.nlm.nih.gov/pmc/articles/PMC3475309/},
	urldate={2024-03-18},
}

@article{elevidys,
	title={Development of capsid- and genome-modified optimized AAVrh74 vectors for muscle gene therapy},
	author={Jakob Shoti and Keyun Qing and Geoffrey D. Keeler and Dongsheng Duan and Barry J. Byrne and Arun Srivastava},
	year={2023},
	url={https://www.cell.com/molecular-therapy-family/methods/fulltext/S2329-0501(23)00186-9},
	urldate={2024-03-23},
}

@article{palma15,
	title = {\textit{Counterintuitive effect of gravity on the heat capacity of a metal
	sphere: re-examination of a well-known problem}},
	author = {Giacomo De Palma and Marria C. Sormani},
	year = {2015},
	journal = {American Journal of Physics},
	volume = {83},
	number = {723},
	%pages = {1--2}, % Kaks sidekriipsu on vajalikd
}

@book{r,
    location={Upple Saddle River},
	title={\textit{J}},
	publisher={Prentice Hall},
	author={Griffiths, David Jeffrey},
	year={1984},
}

@book{g,
	location={Upple Saddle River},
	title={\textit{J}},
	publisher={Prentice Hall},
	author={Griffiths, David Jeffrey},
	year={2005},
}

@book{landau05,
    location={Oxford},
    title={\textit{Quantum Mechanics (Non-relativistic Theory)}},
    publisher={Butterworth-Heinemann},
    author={Landau, Lev D and Lifshitz, Evgenij M},
    year={2005},
}

@book{test0,
    title={Euroopa Liidu õiguse alused},
    author={R. Eerola and T. Mylly and P. Saarinen},
    year={2001},
    location={Tartu},
    publisher={Tartu Ülikooli Kirjastuse trükikoda},
}

% XXX: show pages
@book{test1,
    title={Kuld on jäänud jälgedesse: Regivärsikeelest ja poeetikas},
    author={J. Peegel},
    year={1997},
    location={Tartu},
    publisher={Eesti Kirjandusmuuseum},
    pages={25--29},
}

@book{test2,
    title={Loodusentsüklopeedia},
    year={2004},
    location={Tallinn},
    publisher={Avita},
    pages={240--241},
}

% XXX: juhendis ei ole see kaldkirjas miskipärast??
@book{test2a,
    title={\textit{Longman Dictionary of English Language and Culture}},
    year={1998},
    location={England},
    publisher={Pearson Education Limited},
}

@book{test3,
    title={Perekonnast, kodust, põhiseadusest ja riigist},
    author={Jaak Uibu},
    year={2016},
    url={https://www.digar.ee/arhiiv/nlib-digar:287885},
    urldate={2016-10-23},
}

% XXX: does the date need to be formatted with words here?
@article{test4,
    title={Eestlaskonna keetmine},
    author={R. Taagepere},
    journaltitle={Postimees},
    date={2006-04-12},
    pages={19},
}

@article{test5,
    title={Kes räägib teleekraanil? Naised meedia kõverpeeglis},
    author={B. Pilvre},
    journaltitle={Akadeemia},
    volume={9},
    pages={1981--2000},
    year={2003},
}

@article{test6,
    title={Tulevikuks saame üksnes valmis olla},
    author={Mihkel Mutt},
    year={2006},
    url={https://epl.delfi.ee/arvamus/mihkel-mutt-tulevikuks-saame-uksnes-valmis-olla?id=51036421},
    urldate={2019-09-13},
}

@article{test8,
    title={\textit{A study of the electrochemical behaviour of some platinum compounds at a carbon paste electrode with electrolytic binder.}},
    author={F. A. Adekola and C. Colin and D. Bauer},
    year={1992},
    journaltitle={Electrocimica Acta},
    volume={37},
    pages={507--512},
}

@article{test9a,
    title={Politics and the English Language},
    author={G. Orwell},
    %year={1946},
    url={http://www.mtholyoke.edu/acad/intrel/orwell46.htm},
    urldate={2004-04-20},
}

@online{test9,
    title={Depressiooniküsimustik (DEPS)},
    % Siin kontekstis veebilehe nimi. topelt {} vajalikud!
    author={{Tartu Ülikooli kliinikum}},
    url={https://www.kliinikum.ee/psyhhiaatriakliinik/lisad/ravi/dgn/DEPS.htm},
    urldate={2019-01-07},
}

@misc{test10,
    title={Ettevõtete ühinemisprotsessi täiustamine},
    year={2004},
    author={K. Tänover},
    location={Tallinn},
    publisher={Tallinna Tehnikaülikool},
    howpublished={magistritöö},
}

% magistri- jms kraaditööde jaoks
@unpublished{test10a,
    title={1. ja 2. klassi laste online-riskikogemused ja toimetulekustrateegiad},
    year={2014},
    author={I. Kald},
    howpublished={magistritöö},
    url={http://hdl.handle.net/10062/42387},
    urldate={2019-05-28},
}

% intervjuud või e-kirjad
% Tekstisisene viide tuleb umbes (Kask 20.09.2019: Lisa 1)
@customa{test11,
    title={Intervjuu päevaliblikate kogust},
    author={K. Kask},
    date={2019-09-20},
    howpublished={e-kiri},
    addendum={Lisa \ref{lisa1}},
}

@book{test12a,
    title={test},
    author={Reinuvader Rebane},
    year={2020},
    url={https://youtu.be/dQw4w9WgXcQ},
    urldate={2020-10-22},
}


% Entsüklopeediatele viitamine
% shorttitle ja title peaksid olema samad, aga shorttitle alaku \textit{s.v.}ga

@online{wiki1,
    title={Donald Knuth},
    author={{Wikipedia}},
    shorttitle={\textit{s.v.} Donald Knuth},
    url={https://en.wikipedia.org/wiki/Donald_Knuth},
    urldate={2021-10-05},
}

@book{ee1,
    title={Kohustuslik kogumispension},
    author={{Eesti Entsüklopeedia}},
    shortauthor={{EE}},
    year={2003},
    shorttitle={\textit{s.v.} kohustuslik kogumispension},
    publisher={Eesti Entsüklopeediakirjastus},
    location={Tallinn},
}

% XXX: küsi kellegilt üle kuidas arhiivmaterjalidele viidata}